<?xml version="1.0" encoding="UTF-8"?><collection xmlns="http://www.loc.gov/MARC21/slim"><record><leader>00418nam--2200145-i-4500</leader><controlfield tag="001">000040900</controlfield><controlfield tag="002">20161230</controlfield><controlfield tag="005">20161230201042</controlfield><controlfield tag="008">060222s1000------------r-----000-0-eng-d</controlfield><datafield ind1=" " ind2=" " tag="080"><subfield code="a">547.96</subfield></datafield><datafield ind1=" " ind2=" " tag="100"><subfield code="a">Scopes, Robert K</subfield></datafield><datafield ind1=" " ind2=" " tag="245"><subfield code="a">Protein purification. principles and practic. with 145 figures</subfield></datafield><datafield ind1=" " ind2=" " tag="260"><subfield code="a">New York, Springer-verlag, 1982, Xiii+282p</subfield></datafield><datafield ind1=" " ind2=" " tag="490"><subfield code="a">Springer Advanced Texts In Chemistry</subfield></datafield><datafield ind1=" " ind2=" " tag="852"><subfield code="a">71240</subfield></datafield></record></collection>